@misc{rfc2313,
  author       = "RSA Data Security, Inc.",
  title        = "{PKCS 1: RSA Encryption Standard Version 1.5}",
  howpublished = "{Request for Comments: 2313}",
  institution  = "Internet Engineering Task Force",
  year         = 1998,
  month        = mar,
  url          = "https://www.rfc-editor.org/rfc/rfc2313",
}

@standard{ISO9796-1,
  title        = "{ISO/IEC 9796: Information Technology — Security Techniques — Digital Signature Scheme Giving Message Recovery, Part 1: Mechanisms Using Redundancy}",
  organization = "International Organization for Standardization",
  year         = 1999,
  note         = "Part 1 of the ISO/IEC 9796 standard",
}

@article{coppersmith1999iso,
  title={ISO 9796-1 and the new forgery strategy},
  author={Coppersmith, Don and Halevi, Shai and Jutla, Charanjit},
  journal={rump session of Crypto},
  volume={99},
  year={1999}
}

@inproceedings{DBLP:conf/crypto/Bleichenbacher98,
  author       = {Daniel Bleichenbacher},
  editor       = {Hugo Krawczyk},
  title        = {Chosen Ciphertext Attacks Against Protocols Based on the {RSA} Encryption
                  Standard {PKCS} {\#}1},
  booktitle    = {Advances in Cryptology - {CRYPTO} '98, 18th Annual International Cryptology
                  Conference, Santa Barbara, California, USA, August 23-27, 1998, Proceedings},
  series       = {Lecture Notes in Computer Science},
  volume       = {1462},
  pages        = {1--12},
  publisher    = {Springer},
  year         = {1998},
  url          = {https://doi.org/10.1007/BFb0055716},
  doi          = {10.1007/BFB0055716},
  timestamp    = {Tue, 01 Jun 2021 15:21:29 +0200},
  biburl       = {https://dblp.org/rec/conf/crypto/Bleichenbacher98.bib},
  bibsource    = {dblp computer science bibliography, https://dblp.org}
}

@inproceedings{DBLP:conf/crypto/CoronNS99,
  author       = {Jean{-}S{\'{e}}bastien Coron and
                  David Naccache and
                  Julien P. Stern},
  editor       = {Michael J. Wiener},
  title        = {On the Security of {RSA} Padding},
  booktitle    = {Advances in Cryptology - {CRYPTO} '99, 19th Annual International Cryptology
                  Conference, Santa Barbara, California, USA, August 15-19, 1999, Proceedings},
  series       = {Lecture Notes in Computer Science},
  volume       = {1666},
  pages        = {1--18},
  publisher    = {Springer},
  year         = {1999},
  url          = {https://doi.org/10.1007/3-540-48405-1\_1},
  doi          = {10.1007/3-540-48405-1\_1},
  timestamp    = {Tue, 14 May 2019 10:00:48 +0200},
  biburl       = {https://dblp.org/rec/conf/crypto/CoronNS99.bib},
  bibsource    = {dblp computer science bibliography, https://dblp.org}
}


@inproceedings{DBLP:conf/eurocrypt/BellareR94,
  author       = {Mihir Bellare and
                  Phillip Rogaway},
  editor       = {Alfredo De Santis},
  title        = {Optimal Asymmetric Encryption},
  booktitle    = {Advances in Cryptology - {EUROCRYPT} '94, Workshop on the Theory and
                  Application of Cryptographic Techniques, Perugia, Italy, May 9-12,
                  1994, Proceedings},
  series       = {Lecture Notes in Computer Science},
  volume       = {950},
  pages        = {92--111},
  publisher    = {Springer},
  year         = {1994},
  url          = {https://doi.org/10.1007/BFb0053428},
  doi          = {10.1007/BFB0053428},
  timestamp    = {Tue, 14 May 2019 10:00:53 +0200},
  biburl       = {https://dblp.org/rec/conf/eurocrypt/BellareR94.bib},
  bibsource    = {dblp computer science bibliography, https://dblp.org}
}

@inproceedings{DBLP:conf/crypto/FujisakiOPS01,
  author       = {Eiichiro Fujisaki and
                  Tatsuaki Okamoto and
                  David Pointcheval and
                  Jacques Stern},
  editor       = {Joe Kilian},
  title        = {{RSA-OAEP} Is Secure under the {RSA} Assumption},
  booktitle    = {Advances in Cryptology - {CRYPTO} 2001, 21st Annual International
                  Cryptology Conference, Santa Barbara, California, USA, August 19-23,
                  2001, Proceedings},
  series       = {Lecture Notes in Computer Science},
  volume       = {2139},
  pages        = {260--274},
  publisher    = {Springer},
  year         = {2001},
  url          = {https://doi.org/10.1007/3-540-44647-8\_16},
  doi          = {10.1007/3-540-44647-8\_16},
  timestamp    = {Tue, 14 May 2019 10:00:48 +0200},
  biburl       = {https://dblp.org/rec/conf/crypto/FujisakiOPS01.bib},
  bibsource    = {dblp computer science bibliography, https://dblp.org}
}


@inproceedings{DBLP:conf/crypto/FujisakiO99,
  author       = {Eiichiro Fujisaki and
                  Tatsuaki Okamoto},
  editor       = {Michael J. Wiener},
  title        = {Secure Integration of Asymmetric and Symmetric Encryption Schemes},
  booktitle    = {Advances in Cryptology - {CRYPTO} '99, 19th Annual International Cryptology
                  Conference, Santa Barbara, California, USA, August 15-19, 1999, Proceedings},
  series       = {Lecture Notes in Computer Science},
  volume       = {1666},
  pages        = {537--554},
  publisher    = {Springer},
  year         = {1999},
  url          = {https://doi.org/10.1007/3-540-48405-1\_34},
  doi          = {10.1007/3-540-48405-1\_34},
  timestamp    = {Tue, 14 May 2019 10:00:48 +0200},
  biburl       = {https://dblp.org/rec/conf/crypto/FujisakiO99.bib},
  bibsource    = {dblp computer science bibliography, https://dblp.org}
}


@inproceedings{DBLP:conf/tcc/HofheinzHK17,
  author       = {Dennis Hofheinz and
                  Kathrin H{\"{o}}velmanns and
                  Eike Kiltz},
  editor       = {Yael Kalai and
                  Leonid Reyzin},
  title        = {A Modular Analysis of the Fujisaki-Okamoto Transformation},
  booktitle    = {Theory of Cryptography - 15th International Conference, {TCC} 2017,
                  Baltimore, MD, USA, November 12-15, 2017, Proceedings, Part {I}},
  series       = {Lecture Notes in Computer Science},
  volume       = {10677},
  pages        = {341--371},
  publisher    = {Springer},
  year         = {2017},
  url          = {https://doi.org/10.1007/978-3-319-70500-2\_12},
  doi          = {10.1007/978-3-319-70500-2\_12},
  timestamp    = {Thu, 14 Oct 2021 10:23:30 +0200},
  biburl       = {https://dblp.org/rec/conf/tcc/HofheinzHK17.bib},
  bibsource    = {dblp computer science bibliography, https://dblp.org}
}


@inproceedings{DBLP:conf/asiacrypt/BellareN00,
  author       = {Mihir Bellare and
                  Chanathip Namprempre},
  editor       = {Tatsuaki Okamoto},
  title        = {Authenticated Encryption: Relations among Notions and Analysis of
                  the Generic Composition Paradigm},
  booktitle    = {Advances in Cryptology - {ASIACRYPT} 2000, 6th International Conference
                  on the Theory and Application of Cryptology and Information Security,
                  Kyoto, Japan, December 3-7, 2000, Proceedings},
  series       = {Lecture Notes in Computer Science},
  volume       = {1976},
  pages        = {531--545},
  publisher    = {Springer},
  year         = {2000},
  url          = {https://doi.org/10.1007/3-540-44448-3\_41},
  doi          = {10.1007/3-540-44448-3\_41},
  timestamp    = {Tue, 14 May 2019 10:00:40 +0200},
  biburl       = {https://dblp.org/rec/conf/asiacrypt/BellareN00.bib},
  bibsource    = {dblp computer science bibliography, https://dblp.org}
}


@inproceedings{DBLP:conf/crypto/Krawczyk01,
  author       = {Hugo Krawczyk},
  editor       = {Joe Kilian},
  title        = {The Order of Encryption and Authentication for Protecting Communications
                  (or: How Secure Is SSL?)},
  booktitle    = {Advances in Cryptology - {CRYPTO} 2001, 21st Annual International
                  Cryptology Conference, Santa Barbara, California, USA, August 19-23,
                  2001, Proceedings},
  series       = {Lecture Notes in Computer Science},
  volume       = {2139},
  pages        = {310--331},
  publisher    = {Springer},
  year         = {2001},
  url          = {https://doi.org/10.1007/3-540-44647-8\_19},
  doi          = {10.1007/3-540-44647-8\_19},
  timestamp    = {Tue, 14 May 2019 10:00:48 +0200},
  biburl       = {https://dblp.org/rec/conf/crypto/Krawczyk01.bib},
  bibsource    = {dblp computer science bibliography, https://dblp.org}
}


@inproceedings{DBLP:conf/ctrsa/AbdallaBR01,
  author       = {Michel Abdalla and
                  Mihir Bellare and
                  Phillip Rogaway},
  editor       = {David Naccache},
  title        = {The Oracle Diffie-Hellman Assumptions and an Analysis of {DHIES}},
  booktitle    = {Topics in Cryptology - {CT-RSA} 2001, The Cryptographer's Track at
                  {RSA} Conference 2001, San Francisco, CA, USA, April 8-12, 2001, Proceedings},
  series       = {Lecture Notes in Computer Science},
  volume       = {2020},
  pages        = {143--158},
  publisher    = {Springer},
  year         = {2001},
  url          = {https://doi.org/10.1007/3-540-45353-9\_12},
  doi          = {10.1007/3-540-45353-9\_12},
  timestamp    = {Fri, 27 Dec 2019 21:26:42 +0100},
  biburl       = {https://dblp.org/rec/conf/ctrsa/AbdallaBR01.bib},
  bibsource    = {dblp computer science bibliography, https://dblp.org}
}


@article{DBLP:journals/iacr/AbdallaBR99,
  author       = {Michel Abdalla and
                  Mihir Bellare and
                  Phillip Rogaway},
  title        = {{DHAES:} An Encryption Scheme Based on the Diffie-Hellman Problem},
  journal      = {{IACR} Cryptol. ePrint Arch.},
  pages        = {7},
  year         = {1999},
  url          = {http://eprint.iacr.org/1999/007},
  timestamp    = {Mon, 11 May 2020 15:54:59 +0200},
  biburl       = {https://dblp.org/rec/journals/iacr/AbdallaBR99.bib},
  bibsource    = {dblp computer science bibliography, https://dblp.org}
}



@inproceedings{DBLP:conf/pkc/OkamotoP01,
  author       = {Tatsuaki Okamoto and
                  David Pointcheval},
  editor       = {Kwangjo Kim},
  title        = {The Gap-Problems: {A} New Class of Problems for the Security of Cryptographic
                  Schemes},
  booktitle    = {Public Key Cryptography, 4th International Workshop on Practice and
                  Theory in Public Key Cryptography, {PKC} 2001, Cheju Island, Korea,
                  February 13-15, 2001, Proceedings},
  series       = {Lecture Notes in Computer Science},
  volume       = {1992},
  pages        = {104--118},
  publisher    = {Springer},
  year         = {2001},
  url          = {https://doi.org/10.1007/3-540-44586-2\_8},
  doi          = {10.1007/3-540-44586-2\_8},
  timestamp    = {Fri, 01 May 2020 18:32:25 +0200},
  biburl       = {https://dblp.org/rec/conf/pkc/OkamotoP01.bib},
  bibsource    = {dblp computer science bibliography, https://dblp.org}
}

@article{P1363a-2004,
  author={},
  journal={IEEE Std 1363a-2004 (Amendment to IEEE Std 1363-2000)}, 
  title={IEEE Standard Specifications for Public-Key Cryptography - Amendment 1: Additional Techniques}, 
  year={2004},
  volume={},
  number={},
  pages={1-167},
  keywords={digital signature;encryption;key agreement;public-key cryptography},
  doi={10.1109/IEEESTD.2004.94612}
}
